<?xml version="1.0" encoding="UTF-8"?><collection xmlns="http://www.loc.gov/MARC21/slim"><record><leader>00315nam--2200121-i-4500</leader><controlfield tag="001">000048848</controlfield><controlfield tag="002">20161230</controlfield><controlfield tag="005">20161230201047</controlfield><controlfield tag="008">060222s1000------------r-----000-0-eng-d</controlfield><datafield ind1=" " ind2=" " tag="100"><subfield code="a">Azimova,S.A</subfield></datafield><datafield ind1=" " ind2=" " tag="245"><subfield code="a">Vzaimodeistviia chastic vysokoi energii s nuklonami i iadrami</subfield></datafield><datafield ind1=" " ind2=" " tag="260"><subfield code="a">Tashkent, 1972. 208 S</subfield></datafield><datafield ind1=" " ind2=" " tag="852"><subfield code="a">37900</subfield></datafield></record></collection>